%% This BibTeX bibliography file was created using BibDesk.
%% http://bibdesk.sourceforge.net/


%% Created for William Landau at 2014-11-18 14:21:48 -0600 


%% Saved with string encoding Unicode (UTF-8) 



@article{paschold,
	Author = {{Paschold, A., Jia, Y., Marcon, C., and {others}}},
	Date-Added = {2014-11-18 20:19:22 +0000},
	Date-Modified = {2014-11-18 20:21:44 +0000},
	Journal = {{Genome Research}},
	Month = {October},
	Pages = {2445-2454},
	Title = {{Complementation contributes to transcriptome complexity in maixe (Zea mays L.) hybrids relative to their inbred parents}},
	Volume = {22},
	Year = {2012}}

@article{bioconductor,
	Author = {Robert C Gentleman and Vincent J. Carey and Douglas M. Bates and {others}},
	Journal = {Genome Biology},
	Pages = {R80},
	Title = {Bioconductor: Open software development for computational biology and bioinformatics},
	Url = {http://genomebiology.com/2004/5/10/R80},
	Volume = {5},
	Year = {2004},
	Bdsk-Url-1 = {http://genomebiology.com/2004/5/10/R80}}

@manual{cran,
	Address = {Vienna, Austria},
	Author = {{R Core Team}},
	Organization = {R Foundation for Statistical Computing},
	Title = {R: A Language and Environment for Statistical Computing},
	Url = {http://www.R-project.org},
	Year = 2014,
	Bdsk-Url-1 = {http://www.R-project.org}}

@article{ShrinkBayes,
	Author = {{van de Weil, M., Neerincx, M., Buffart, T. E., Sie, D., and Verheul, H MW}},
	Date-Added = {2014-11-17 18:11:54 +0000},
	Date-Modified = {2014-11-17 18:13:52 +0000},
	Journal = {{BMC Bioinformatics}},
	Number = {116},
	Title = {{ShrinkBayes: a versatile R-package for analysis of count-based sequencing data in complex study designs}},
	Volume = {15},
	Year = {2014}}

@article{edgeR2,
	Author = {{McCarthy, D. J, Chen, Y., and Smyth, G. K.}},
	Date-Added = {2014-11-17 18:09:49 +0000},
	Date-Modified = {2014-11-17 18:11:00 +0000},
	Journal = {{Nucleic Acids Research}},
	Month = {January},
	Number = {10},
	Pages = {4288-4297},
	Title = {{Differential expression analysis of multifactor RNA-Seq experiments with respect to biological variation}},
	Volume = {40},
	Year = {2012}}

@article{edgeR1,
	Author = {{Robinson, M. D., McCarthy, D. J., and Smyth, G. K.}},
	Date-Added = {2014-11-17 17:27:47 +0000},
	Date-Modified = {2014-11-17 17:29:58 +0000},
	Journal = {Bioinformatics},
	Month = {October},
	Number = {1},
	Pages = {139-140},
	Title = {{edgeR: a Bioconductor package for differential expression analysis of digital gene expression data}},
	Volume = {26},
	Year = {2009}}

@article{baySeq,
	Author = {{Hardcastle, T. J. and Kelly, K. A.}},
	Date-Added = {2014-11-17 17:26:26 +0000},
	Date-Modified = {2014-11-17 17:27:29 +0000},
	Journal = {BMC Bioinformatics},
	Number = {422},
	Title = {{baySeq: Empirical Bayesian methods for identifying differential expression in sequence count data}},
	Volume = {11},
	Year = {2010}}

@article{LandauLiu,
	Author = {Landau, W. M. and Liu, P.},
	Date-Added = {2014-11-17 17:24:47 +0000},
	Date-Modified = {2014-11-17 17:25:40 +0000},
	Journal = {{Plos One}},
	Month = {December},
	Number = {12},
	Title = {{Dispersion Estimation and Its Effect on Test Performance in RNA-seq Data Analysis: A Simulation-Based Comparison of Methods.}},
	Volume = {8},
	Year = {2013}}
